<?xml version="1.0" encoding="UTF-8"?><collection xmlns="http://www.loc.gov/MARC21/slim"><record><leader>00482nam--2200133-i-4500</leader><controlfield tag="001">000011895</controlfield><controlfield tag="002">20161230</controlfield><controlfield tag="005">20161230201029</controlfield><controlfield tag="008">060222s1000------------r-----000-0-eng-d</controlfield><datafield ind1=" " ind2=" " tag="080"><subfield code="a">620.193(043)</subfield></datafield><datafield ind1=" " ind2=" " tag="100"><subfield code="a">Bui, Nam</subfield></datafield><datafield ind1=" " ind2=" " tag="245"><subfield code="a">Incidence de la composition sur l evolution st ructurale et la resistence a la corrosion aque se des agiers maraging role de la teneur en mo lybdene et en chreme.these</subfield></datafield><datafield ind1=" " ind2=" " tag="260"><subfield code="a">Toulouse, L Institut National Polytechnique, 1975. 143 P</subfield></datafield><datafield ind1=" " ind2=" " tag="852"><subfield code="a">44046</subfield></datafield></record></collection>